@ARTICLE{trust40,
  author = {Stephan Seifermann, Robert Heinrich, and Ralf Reussner},
  title = {{Data-Driven Software Architecturefor Analyzing Confidentiality}},
  year = {2019},
  url = {https://sdqweb.ipd.kit.edu/publications/pdfs/seifermann2019b.pdf}
}
